@article{qcp1,
  author  = "Kenneth Manders and Leonard Adleman",
  title   = "NP-complete Decision Problems for Quadratic Polynomials",
  year    = "1976",
  journal = "STOC '76 Proceedings of the eighth annual ACM symposium on Theory of computing",
},

@article{qcp2,
  author  = "Kenneth Manders and Leonard Adleman",
  title   = "NP-Complete Decision Problems for Binary Quadratics",
  year    = "1978",
  journal = "Journal of Computer and System Sciences",
  volume  = "16"
},

@article{hilbert,
  author  = "David Hilbert",
  title   = "Mathematical problems",
  year    = "1902",
  journal = "Bulletin of the New York Mathematical Society",
  volume  = "10"
}

@article{diophantine,
  author  = "Yuri Matiyasevich",
  title   = "Diofantovostâ€™perechislimykh mnozhestv (Enumerable sets are diophantine)",
  year    = "1970",
  journal = "Doklady Akademii Nauk SSSR",
},

@article{cook,
  author  = "Stephen Cook",
  title   = "The Complexity of Theorem-proving Procedures",
  year    = "1971",
  journal = "STOC '71 Proceedings of the third annual ACM symposium on Theory of computing"
},

@article{karp,
  author  = "Richard Karp",
  title   = "Reducibility Among Combinatorial Problems",
  year    = "1972",
  journal = "Complexity of Computer Computations"
},

@article{levin,
  author  = "Leonard Levin",
  title   = "Universal Sequential Search Problems",
  year    = "1973",
  journal = "Probl. Peredachi Inf.",
  volume  = "9"
},

@book{garey-johnson,
  author    = "Michael Garey and David Johnson",
  title     = "Computers and Tractability: A Guide to the Theory of NP-completeness",
  year      = "1979",
  isbn      = {0716710447},
  publisher = {W. H. Freeman \& Co.},
  address   = {New York, NY, USA}
},

@article{stockmeyer-meyer,
  author  = "J. L. Stockmeyer and A. R. Meyer",
  title   = "Word problems requiring exponential time",
  year    = "1973",
  journal = "Proceedings 5th Annual ACM Symposium on Theory of Computing"
},

@article{plaisted-77b,
  author  = "D. Plaisted",
  title   = "New NP-hard and NP-complete polynomial and integer divisibility problems",
  year    = "1977",
  journal = "Proceedings Annual Symposium on Foundations of Computer Science",
  volume  = "18"
},

@article{plaisted-76,
  author  = "D. Plaisted",
  title   = "Some polynomial and integer divisibility problems are NP-hard",
  year    = "1976",
  journal = "Proceedings Annual Symposium on Foundations of Computer Science",
  volume  = "17"
},

@article{plaisted-77a,
  author  = "D. Plaisted",
  title   = "Sparse complex polynomials and polynomial reducibility",
  year    = "1977",
  journal = "Journal of Computational Systems Science",
  volume  = "14"
},

@article{lipshitz-77,
  author  = "L. Lipshitz",
  title   = "A remark on the Diophantine problem for addition and divisibility",
  year    = "1977",
},

@article{lipshitz-78,
  author  = "L. Lipshitz",
  title   = "The Diophantine problem for addition and divisibility",
  year    = "1978",
  journal = "Transamerican Mathematical Society",
  volume  = "235"
}
